<?xml version="1.0" encoding="UTF-8"?><collection xmlns="http://www.loc.gov/MARC21/slim"><record><leader>00498nam--2200181-i-4500</leader><controlfield tag="001">000035805</controlfield><controlfield tag="002">20161230</controlfield><controlfield tag="005">20161230201040</controlfield><controlfield tag="008">060222s1000------------r-----000-0-rum-d</controlfield><datafield ind1=" " ind2=" " tag="040"><subfield code="a">IFIN-HH</subfield></datafield><datafield ind1=" " ind2=" " tag="041"><subfield code="a">rum</subfield></datafield><datafield ind1=" " ind2=" " tag="080"><subfield code="a">52(076)</subfield></datafield><datafield ind1="1" ind2=" " tag="100"><subfield code="a">Oproiu T</subfield></datafield><datafield ind1="1" ind2="0" tag="245"><subfield code="a">Astronomie. culegere de exercitii, probleme si programe de calcul</subfield><subfield code="c">T. oproiu, a.pal, v.pop, v.ureche</subfield></datafield><datafield ind1=" " ind2=" " tag="260"><subfield code="a">Cluj-napoca</subfield><subfield code="b">Universitatea</subfield><subfield code="c">1985</subfield></datafield><datafield ind1=" " ind2=" " tag="300"><subfield code="a">348P</subfield></datafield><datafield ind1=" " ind2=" " tag="852"><subfield code="a">73386</subfield><subfield code="c">521/522</subfield></datafield><datafield ind1=" " ind2=" " tag="CAT"><subfield code="a">Sys</subfield><subfield code="c">20130827</subfield><subfield code="h">123444</subfield></datafield></record></collection>